@book{knuth1997art,
  title={The Art of Computer Programming},
  author={Knuth, Donald E},
  volume={2},
  year={1997},
  publisher={Addison-Wesley}
}

@article{lamport1994latex,
  title={LATEX: A Document Preparation System},
  author={Lamport, Leslie},
  journal={Addison Wesley},
  year={1994},
  volume={2}
}
